@article{hf,
  author		= "N. Jayaprasad",
  title			= "Heart Failure in Children",
  journal		= "Heart Views",
  volume		= "17(3) ",
  pages			= "92-99",
  year			= "2016"
  doi = "10.4103/1995-705X.192556"
}

@article{stcnn,
  author		= "Du Tran and Heng Wang and Lorenzo Torresani and Jamie Ray and Yann LeCun and Manohar Paluri",
  title			= "A Closer Look at Spatiotemporal Convolutions for Action Recognition",
  journal		= "arXiv:1711.11248",
  volume		= " ",
  pages			= " ",
  year			= "2018"
  doi = "10.48550/arXiv.1711.11248"
}

@article{heartStats,
  author		= "Tsao CW and Aday AW and Almarzooq ZI and Beaton AZ and Bittencourt MS and Boehme AK and et al",
  title			= " Heart Disease and Stroke Statistics—2022 Update: A Report From the American Heart Association",
  journal		= "Circulation",
  volume		= "145",
  pages			= "e153--e639",
  year			= "2022"
}


@article{echonet1,
  author		= "David Ouyang and Bryan He and Amirata Ghorbani and Neal Yuan and Joseph Ebinger and Curtis P. Langlotz and Paul A. Heidenreich and Robert A. Harrington and David H. Liang and Euan A. Ashley and James Y. Zou",
  title			= "Video-based AI for beat-to-beat assessment of cardiac function",
  journal		= "Nature",
  volume		= "580",
  pages			= "252-256",
  year			= "2020"
}

@article{echonet2,
  author		= "Charitha D. Reddy and Leo Lopez and David Ouyang and James Y. Zou and Bryan He",
  title			= "Video-Based Deep Learning for Automated Assessment of Left Ventricular Ejection Fraction in Pediatric Patients.",
  journal		= "Pending",
  year			= "2022"
}

@article{pix2voxx,
  title			= "Simplifying Medical Ultrasound.",
  author		= "David Stojanovski and Uxio Hermida and Marica Muffoletto and Pablo Lamata and Arian Beqiri and Alberto Gomez",
  chapter			= "Efficient Pix2Voxx++ for 3D Cardiac Reconstruction from 2D echo views.",
  isbn = {978-3-031-16902-1},
  year			= "2022",
  volume = {13565},
  publisher = {Springer International Publishing}
}

@article{echoguidelines,
  title			= "Recommendations for Chamber Quantification: A Report from the American Society of Echocardiography’s Guidelines and Standards Committee and the Chamber Quantification Writing Group, Developed in Conjunction with the European Association of Echocardiography, a Branch of the European Society of Cardiology.",
  author		= "Roberto M. Lang and Michelle Bierig and Richard B. Devereux and Frank A. Flachskampf and Elyse Foster and Patricia A. Pellikka and Michael H. Picard and Mary J. Roman and James Seward and Jack S. Shanewise and Scott D. Solomon and Kirk T. Spencer and Martin St John Sutton and William J. Stewart and Members of the Chamber Quantification Writing Group.",
  journal		= "J. Am. Soc. Echocardiogr.",
  volume		= "18",
  issue = "12",
  pages			= "1440-1463",
  year			= "2005",
  doi = "https://doi.org/10.1016/j.echo.2005.10.005"
}

@article{echoautosegcnn,
  author		= "Taeouk Kim and Mohammadali Hedayat and Veronica V. Vaitkus and Marek Belohlavek and Vinayak Krishnamurthy and Iman Borazjani.",
  title			= "Automatic segmentation of the left ventricle in echocardiographic images using convolutional neural networks",
  journal		= "Quant Imaging Med Surg",
  volume		= "11",
  issue = "5",
  pages			= "1763-1781",
  year			= "2021",
  doi = "10.21037/qims-20-745"
}

@article{lvshape,
  author		= "J. Scott Rankin and Philip A. McHale and Carl E. Arentzen and David Ling and Joseph C. Greenfield Jr. and Robert W. Anderson.",
  title			= "The three-dimensional dynamic geometry of the left ventricle in the conscious dog.",
  journal		= "Circulation Research",
  volume		= "39",
  issue = "3",
  pages			= "304-313",
  year			= "1976",
  doi = "10.1161/01.RES.39.3.304"
}

@article{rajan2016,
  author		= "Navaneetha Krishnan Rajan and Zeying Song and Kenneth R Hoffmann and Marek Belohlavek and Eileen M McMahon and Iman Borazjani.",
  title			= "Automated Three-Dimensional Reconstruction of the Left Ventricle From Multiple-Axis Echocardiography.",
  journal		= "J Biomech Eng",
  volume		= "138",
  issue = "1",
  pages			= "",
  year			= "2016",
  doi = "10.1115/1.4031977"
}

@article{matplotlib,
  Author    = {Hunter, J. D.},
  Title     = {Matplotlib: A 2D graphics environment},
  Journal   = {Computing in Science \& Engineering},
  Volume    = {9},
  Number    = {3},
  Pages     = {90--95},
  publisher = {IEEE COMPUTER SOC},
  doi       = {10.1109/MCSE.2007.55},
  year      = 2007
}

@book{opencv,
  title={Learning OpenCV: Computer vision with the OpenCV library},
  author={Bradski, Gary and Kaehler, Adrian},
  year={2008},
  publisher={" O'Reilly Media, Inc."}
}